@ARTICLE{A1,
	author = {Берестова, Т. Ф.},
	title = {Поисковые инструменты библиотеки1},
	journal = {Библиография},
	year = {2006},
	number = {4},
	pages = {19},
	language = {russian}
}
@ARTICLE{A2,
	author = {Берестова, Т. Ф.},
	title = {Поисковые инструменты библиотеки2},
	journal = {Библиография},
	year = {2006},
	number = {4},
	pages = {19},
	language = {russian}
}
@ARTICLE{A3,
	author = {Берестова, Т. Ф.},
	title = {Поисковые инструменты библиотеки3},
	journal = {Библиография},
	year = {2006},
	number = {4},
	pages = {19},
	language = {russian}
}
@ARTICLE{A4,
	author = {Берестова, Т. Ф.},
	title = {Поисковые инструменты библиотеки4},
	journal = {Библиография},
	year = {2006},
	number = {4},
	pages = {19},
	language = {russian}
}
@ARTICLE{A5,
	author = {Берестова, Т. Ф.},
	title = {Поисковые инструменты библиотеки5},
	journal = {Библиография},
	year = {2006},
	number = {4},
	pages = {19},
	language = {russian}
}
@ARTICLE{A6,
	author = {Берестова, Т. Ф.},
	title = {Поисковые инструменты библиотеки6},
	journal = {Библиография},
	year = {2006},
	number = {4},
	pages = {19},
	language = {russian}
}
@ARTICLE{A7,
	author = {Берестова, Т. Ф.},
	title = {Поисковые инструменты библиотеки7},
	journal = {Библиография},
	year = {2006},
	number = {4},
	pages = {19},
	language = {russian}
}
@ARTICLE{A8,
	author = {Берестова, Т. Ф.},
	title = {Поисковые инструменты библиотеки8},
	journal = {Библиография},
	year = {2006},
	number = {4},
	pages = {19},
	language = {russian}
}
@ARTICLE{A9,
	author = {Берестова, Т. Ф.},
	title = {Поисковые инструменты библиотеки9},
	journal = {Библиография},
	year = {2006},
	number = {4},
	pages = {19},
	language = {russian}
}
@ARTICLE{A10,
	author = {Берестова, Т. Ф.},
	title = {Поисковые инструменты библиотеки10},
	journal = {Библиография},
	year = {2006},
	number = {4},
	pages = {19},
	language = {russian}
}
@ARTICLE{A11,
	author = {Берестова, Т. Ф.},
	title = {Поисковые инструменты библиотеки11},
	journal = {Библиография},
	year = {2006},
	number = {4},
	pages = {19},
	language = {russian}
}
@ARTICLE{A12,
	author = {Берестова, Т. Ф.},
	title = {Поисковые инструменты библиотеки12},
	journal = {Библиография},
	year = {2006},
	number = {4},
	pages = {19},
	language = {russian}
}
@ARTICLE{A13,
	author = {Берестова, Т. Ф.},
	title = {Поисковые инструменты библиотеки13},
	journal = {Библиография},
	year = {2006},
	number = {4},
	pages = {19},
	language = {russian}
}
@ARTICLE{A14,
	author = {Берестова, Т. Ф.},
	title = {Поисковые инструменты библиотеки14},
	journal = {Библиография},
	year = {2006},
	number = {4},
	pages = {19},
	language = {russian}
}
@ARTICLE{A15,
	author = {Берестова, Т. Ф.},
	title = {Поисковые инструменты библиотеки15},
	journal = {Библиография},
	year = {2006},
	number = {4},
	pages = {19},
	language = {russian}
}
@ARTICLE{A16,
	author = {Берестова, Т. Ф.},
	title = {Поисковые инструменты библиотеки16},
	journal = {Библиография},
	year = {2006},
	number = {4},
	pages = {19},
	language = {russian}
}
@ARTICLE{A17,
	author = {Берестова, Т. Ф.},
	title = {Поисковые инструменты библиотеки17},
	journal = {Библиография},
	year = {2006},
	number = {4},
	pages = {19},
	language = {russian}
}
@ARTICLE{A18,
	author = {Берестова, Т. Ф.},
	title = {Поисковые инструменты библиотеки18},
	journal = {Библиография},
	year = {2006},
	number = {4},
	pages = {19},
	language = {russian}
}
@ARTICLE{A19,
	author = {Берестова, Т. Ф.},
	title = {Поисковые инструменты библиотеки19},
	journal = {Библиография},
	year = {2006},
	number = {4},
	pages = {19},
	language = {russian}
}
@ARTICLE{A20,
	author = {Берестова, Т. Ф.},
	title = {Поисковые инструменты библиотеки20},
	journal = {Библиография},
	year = {2006},
	number = {4},
	pages = {19},
	language = {russian}
}
@ARTICLE{A21,
	author = {Берестова, Т. Ф.},
	title = {Поисковые инструменты библиотеки21},
	journal = {Библиография},
	year = {2006},
	number = {4},
	pages = {19},
	language = {russian}
}
@ARTICLE{A22,
	author = {Берестова, Т. Ф.},
	title = {Поисковые инструменты библиотеки22},
	journal = {Библиография},
	year = {2006},
	number = {4},
	pages = {19},
	language = {russian}
}
@ARTICLE{A23,
	author = {Берестова, Т. Ф.},
	title = {Поисковые инструменты библиотеки23},
	journal = {Библиография},
	year = {2006},
	number = {4},
	pages = {19},
	language = {russian}
}
@ARTICLE{A24,
	author = {Берестова, Т. Ф.},
	title = {Поисковые инструменты библиотеки24},
	journal = {Библиография},
	year = {2006},
	number = {4},
	pages = {19},
	language = {russian}
}
@ARTICLE{A25,
	author = {Берестова, Т. Ф.},
	title = {Поисковые инструменты библиотеки25},
	journal = {Библиография},
	year = {2006},
	number = {4},
	pages = {19},
	language = {russian}
}
@ARTICLE{A26,
	author = {Берестова, Т. Ф.},
	title = {Поисковые инструменты библиотеки26},
	journal = {Библиография},
	year = {2006},
	number = {4},
	pages = {19},
	language = {russian}
}
@ARTICLE{A27,
	author = {Берестова, Т. Ф.},
	title = {Поисковые инструменты библиотеки27},
	journal = {Библиография},
	year = {2006},
	number = {4},
	pages = {19},
	language = {russian}
}
@ARTICLE{A28,
	author = {Берестова, Т. Ф.},
	title = {Поисковые инструменты библиотеки28},
	journal = {Библиография},
	year = {2006},
	number = {4},
	pages = {19},
	language = {russian}
}
@ARTICLE{A29,
	author = {Берестова, Т. Ф.},
	title = {Поисковые инструменты библиотеки29},
	journal = {Библиография},
	year = {2006},
	number = {4},
	pages = {19},
	language = {russian}
}
@ARTICLE{A30,
	author = {Берестова, Т. Ф.},
	title = {Поисковые инструменты библиотеки30},
	journal = {Библиография},
	year = {2006},
	number = {4},
	pages = {19},
	language = {russian}
}
@ARTICLE{A31,
	author = {Берестова, Т. Ф.},
	title = {Поисковые инструменты библиотеки31},
	journal = {Библиография},
	year = {2006},
	number = {4},
	pages = {19},
	language = {russian}
}
@ARTICLE{A32,
	author = {Берестова, Т. Ф.},
	title = {Поисковые инструменты библиотеки32},
	journal = {Библиография},
	year = {2006},
	number = {4},
	pages = {19},
	language = {russian}
}
@ARTICLE{A33,
	author = {Берестова, Т. Ф.},
	title = {Поисковые инструменты библиотеки33},
	journal = {Библиография},
	year = {2006},
	number = {4},
	pages = {19},
	language = {russian}
}
@ARTICLE{A34,
	author = {Берестова, Т. Ф.},
	title = {Поисковые инструменты библиотеки34},
	journal = {Библиография},
	year = {2006},
	number = {4},
	pages = {19},
	language = {russian}
}
@ARTICLE{A35,
	author = {Берестова, Т. Ф.},
	title = {Поисковые инструменты библиотеки35},
	journal = {Библиография},
	year = {2006},
	number = {4},
	pages = {19},
	language = {russian}
}
@ARTICLE{A36,
	author = {Берестова, Т. Ф.},
	title = {Поисковые инструменты библиотеки36},
	journal = {Библиография},
	year = {2006},
	number = {4},
	pages = {19},
	language = {russian}
}
@ARTICLE{A37,
	author = {Берестова, Т. Ф.},
	title = {Поисковые инструменты библиотеки37},
	journal = {Библиография},
	year = {2006},
	number = {4},
	pages = {19},
	language = {russian}
}
@ARTICLE{A38,
	author = {Берестова, Т. Ф.},
	title = {Поисковые инструменты библиотеки38},
	journal = {Библиография},
	year = {2006},
	number = {4},
	pages = {19},
	language = {russian}
}
@ARTICLE{A39,
	author = {Берестова, Т. Ф.},
	title = {Поисковые инструменты библиотеки39},
	journal = {Библиография},
	year = {2006},
	number = {4},
	pages = {19},
	language = {russian}
}
@ARTICLE{A40,
	author = {Берестова, Т. Ф.},
	title = {Поисковые инструменты библиотеки40},
	journal = {Библиография},
	year = {2006},
	number = {4},
	pages = {19},
	language = {russian}
}
@ARTICLE{A41,
	author = {Берестова, Т. Ф.},
	title = {Поисковые инструменты библиотеки41},
	journal = {Библиография},
	year = {2006},
	number = {4},
	pages = {19},
	language = {russian}
}
@ARTICLE{A42,
	author = {Берестова, Т. Ф.},
	title = {Поисковые инструменты библиотеки42},
	journal = {Библиография},
	year = {2006},
	number = {4},
	pages = {19},
	language = {russian}
}
@ARTICLE{A43,
	author = {Берестова, Т. Ф.},
	title = {Поисковые инструменты библиотеки43},
	journal = {Библиография},
	year = {2006},
	number = {4},
	pages = {19},
	language = {russian}
}
@ARTICLE{A44,
	author = {Берестова, Т. Ф.},
	title = {Поисковые инструменты библиотеки44},
	journal = {Библиография},
	year = {2006},
	number = {4},
	pages = {19},
	language = {russian}
}
@ARTICLE{A45,
	author = {Берестова, Т. Ф.},
	title = {Поисковые инструменты библиотеки45},
	journal = {Библиография},
	year = {2006},
	number = {4},
	pages = {19},
	language = {russian}
}
@ARTICLE{A46,
	author = {Берестова, Т. Ф.},
	title = {Поисковые инструменты библиотеки46},
	journal = {Библиография},
	year = {2006},
	number = {4},
	pages = {19},
	language = {russian}
}
@ARTICLE{A47,
	author = {Берестова, Т. Ф.},
	title = {Поисковые инструменты библиотеки47},
	journal = {Библиография},
	year = {2006},
	number = {4},
	pages = {19},
	language = {russian}
}
@ARTICLE{A48,
	author = {Берестова, Т. Ф.},
	title = {Поисковые инструменты библиотеки48},
	journal = {Библиография},
	year = {2006},
	number = {4},
	pages = {19},
	language = {russian}
}
@ARTICLE{A49,
	author = {Берестова, Т. Ф.},
	title = {Поисковые инструменты библиотеки49},
	journal = {Библиография},
	year = {2006},
	number = {4},
	pages = {19},
	language = {russian}
}
@ARTICLE{A50,
	author = {Берестова, Т. Ф.},
	title = {Поисковые инструменты библиотеки50},
	journal = {Библиография},
	year = {2006},
	number = {4},
	pages = {19},
	language = {russian}
}
@ARTICLE{A51,
	author = {Берестова, Т. Ф.},
	title = {Поисковые инструменты библиотеки51},
	journal = {Библиография},
	year = {2006},
	number = {4},
	pages = {19},
	language = {russian}
}
@ARTICLE{A52,
	author = {Берестова, Т. Ф.},
	title = {Поисковые инструменты библиотеки52},
	journal = {Библиография},
	year = {2006},
	number = {4},
	pages = {19},
	language = {russian}
}
@ARTICLE{A53,
	author = {Берестова, Т. Ф.},
	title = {Поисковые инструменты библиотеки53},
	journal = {Библиография},
	year = {2006},
	number = {4},
	pages = {19},
	language = {russian}
}
@ARTICLE{A54,
	author = {Берестова, Т. Ф.},
	title = {Поисковые инструменты библиотеки54},
	journal = {Библиография},
	year = {2006},
	number = {4},
	pages = {19},
	language = {russian}
}
@ARTICLE{A55,
	author = {Берестова, Т. Ф.},
	title = {Поисковые инструменты библиотеки55},
	journal = {Библиография},
	year = {2006},
	number = {4},
	pages = {19},
	language = {russian}
}
@ARTICLE{A56,
	author = {Берестова, Т. Ф.},
	title = {Поисковые инструменты библиотеки56},
	journal = {Библиография},
	year = {2006},
	number = {4},
	pages = {19},
	language = {russian}
}
@ARTICLE{A57,
	author = {Берестова, Т. Ф.},
	title = {Поисковые инструменты библиотеки57},
	journal = {Библиография},
	year = {2006},
	number = {4},
	pages = {19},
	language = {russian}
}
@ARTICLE{A58,
	author = {Берестова, Т. Ф.},
	title = {Поисковые инструменты библиотеки58},
	journal = {Библиография},
	year = {2006},
	number = {4},
	pages = {19},
	language = {russian}
}
@ARTICLE{A59,
	author = {Берестова, Т. Ф.},
	title = {Поисковые инструменты библиотеки59},
	journal = {Библиография},
	year = {2006},
	number = {4},
	pages = {19},
	language = {russian}
}
@ARTICLE{A60,
	author = {Берестова, Т. Ф.},
	title = {Поисковые инструменты библиотеки60},
	journal = {Библиография},
	year = {2006},
	number = {4},
	pages = {19},
	language = {russian}
}
@ARTICLE{A61,
	author = {Берестова, Т. Ф.},
	title = {Поисковые инструменты библиотеки61},
	journal = {Библиография},
	year = {2006},
	number = {4},
	pages = {19},
	language = {russian}
}
@ARTICLE{A62,
	author = {Берестова, Т. Ф.},
	title = {Поисковые инструменты библиотеки62},
	journal = {Библиография},
	year = {2006},
	number = {4},
	pages = {19},
	language = {russian}
}
@ARTICLE{A63,
	author = {Берестова, Т. Ф.},
	title = {Поисковые инструменты библиотеки63},
	journal = {Библиография},
	year = {2006},
	number = {4},
	pages = {19},
	language = {russian}
}
@ARTICLE{A64,
	author = {Берестова, Т. Ф.},
	title = {Поисковые инструменты библиотеки64},
	journal = {Библиография},
	year = {2006},
	number = {4},
	pages = {19},
	language = {russian}
}
@ARTICLE{A65,
	author = {Берестова, Т. Ф.},
	title = {Поисковые инструменты библиотеки65},
	journal = {Библиография},
	year = {2006},
	number = {4},
	pages = {19},
	language = {russian}
}
@ARTICLE{A66,
	author = {Берестова, Т. Ф.},
	title = {Поисковые инструменты библиотеки66},
	journal = {Библиография},
	year = {2006},
	number = {4},
	pages = {19},
	language = {russian}
}
@ARTICLE{A67,
	author = {Берестова, Т. Ф.},
	title = {Поисковые инструменты библиотеки67},
	journal = {Библиография},
	year = {2006},
	number = {4},
	pages = {19},
	language = {russian}
}
@ARTICLE{A68,
	author = {Берестова, Т. Ф.},
	title = {Поисковые инструменты библиотеки68},
	journal = {Библиография},
	year = {2006},
	number = {4},
	pages = {19},
	language = {russian}
}
@ARTICLE{A69,
	author = {Берестова, Т. Ф.},
	title = {Поисковые инструменты библиотеки69},
	journal = {Библиография},
	year = {2006},
	number = {4},
	pages = {19},
	language = {russian}
}
@ARTICLE{A70,
	author = {Берестова, Т. Ф.},
	title = {Поисковые инструменты библиотеки70},
	journal = {Библиография},
	year = {2006},
	number = {4},
	pages = {19},
	language = {russian}
}
@ARTICLE{A71,
	author = {Берестова, Т. Ф.},
	title = {Поисковые инструменты библиотеки71},
	journal = {Библиография},
	year = {2006},
	number = {4},
	pages = {19},
	language = {russian}
}
@ARTICLE{A72,
	author = {Берестова, Т. Ф.},
	title = {Поисковые инструменты библиотеки72},
	journal = {Библиография},
	year = {2006},
	number = {4},
	pages = {19},
	language = {russian}
}
@ARTICLE{A73,
	author = {Берестова, Т. Ф.},
	title = {Поисковые инструменты библиотеки73},
	journal = {Библиография},
	year = {2006},
	number = {4},
	pages = {19},
	language = {russian}
}
@ARTICLE{A74,
	author = {Берестова, Т. Ф.},
	title = {Поисковые инструменты библиотеки74},
	journal = {Библиография},
	year = {2006},
	number = {4},
	pages = {19},
	language = {russian}
}